@article{rutkowska2008bluepilling,
  title={Bluepilling the xen hypervisor},
  author={Rutkowska, Joanna and Tereshkin, Alexander},
  journal={Black Hat USA},
  year={2008}
}
