@misc{Cole,
    author = {Eric Cole},
    title = {Network Security Bible: Edition 2},
    journal = {testjournal},
    year = {2011},
    pages = {396 ff}
}

@misc{Ying,
	author = {Ying Tan, Yuhui Shi, Hongwei Mo},
	title = {Advances in Swarm Intelligence},
	year = {2013}
	pages = {211 ff}
	
}

@misc{SVNE2,
	author = {Muntasir Raihan Rahman, Raouf Boutaba},
	title = {Surviveable Virtual Network Embedding Algorithms for Network Virtualization},
	year = {2013}
	journal = {IEEE}		
}

@article{natarajansecurity,
  title={Security Issues in Network Virtualization for the Future Internet},
  author={Natarajan, Sriram and Wolf, Tilman}
}

@article{gong2016virtual,
  title={Virtual Network Embedding through Security Risk Awareness and Optimization.},
  author={Gong, Shuiqing and Chen, Jing and Huang, Conghui and Zhu, Qingchao and Zhao, Siyi},
  journal={KSII Transactions on Internet \& Information Systems},
  volume={10},
  number={7},
  year={2016}
}

@article{fischer2013virtual,
  title={Virtual network embedding: A survey},
  author={Fischer, Andreas and Botero, Juan Felipe and Beck, Michael Till and De Meer, Hermann and Hesselbach, Xavier},
  journal={IEEE Communications Surveys \& Tutorials},
  volume={15},
  number={4},
  pages={1888--1906},
  year={2013},
  publisher={IEEE}
}

@inproceedings{garfinkel2005virtual,
  title={When virtual is harder than real: Security challenges in virtual machine based computing environments.},
  author={Garfinkel, Tal and Rosenblum, Mendel},
  booktitle={HotOS},
  year={2005}
}

@inproceedings{wu2010network,
  title={Network security for virtual machine in cloud computing},
  author={Wu, Hanqian and Ding, Yi and Winer, Chuck and Yao, Li},
  booktitle={Computer Sciences and Convergence Information Technology (ICCIT), 2010 5th International Conference on},
  pages={18--21},
  year={2010},
  organization={IEEE}
}

@inproceedings{dahbur2011survey,
  title={A survey of risks, threats and vulnerabilities in cloud computing},
  author={Dahbur, Kamal and Mohammad, Bassil and Tarakji, Ahmad Bisher},
  booktitle={Proceedings of the 2011 International conference on intelligent semantic Web-services and applications},
  pages={12},
  year={2011},
  organization={ACM}
}

@article{anderson2005overcoming,
  title={Overcoming the Internet impasse through virtualization},
  author={Anderson, Thomas and Peterson, Larry and Shenker, Scott and Turner, Jonathan},
  journal={Computer},
  volume={38},
  number={4},
  pages={34--41},
  year={2005}
}
