@inproceedings{garfinkel2005virtual,
  title={When virtual is harder than real: Security challenges in virtual machine based computing environments.},
  author={Garfinkel, Tal and Rosenblum, Mendel},
  booktitle={HotOS},
  year={2005}
}
