@inproceedings{wu2010network,
  title={Network security for virtual machine in cloud computing},
  author={Wu, Hanqian and Ding, Yi and Winer, Chuck and Yao, Li},
  booktitle={Computer Sciences and Convergence Information Technology (ICCIT), 2010 5th International Conference on},
  pages={18--21},
  year={2010},
  organization={IEEE}
}
