@article{wang2016towards,
  title={Towards a secured network virtualization},
  author={Wang, Yang and Chau, Phanvu and Chen, Fuyu},
  journal={Computer Networks},
  volume={104},
  pages={55--65},
  year={2016},
  publisher={Elsevier}
}
