@article{whalen2001introduction,
  title={An introduction to arp spoofing},
  author={Whalen, Sean},
  journal={Node99 [Online Document], April},
  year={2001}
}
