@inproceedings{bays2012security,
  title={Security-aware optimal resource allocation for virtual network embedding},
  author={Bays, Leonardo Richter and Oliveira, Rodrigo Ruas and Buriol, Luciana Salete and Barcellos, Marinho Pilla and Gaspary, Luciano Paschoal},
  booktitle={Proceedings of the 8th International Conference on Network and Service Management},
  pages={378--384},
  year={2012},
  organization={International Federation for Information Processing}
}
