@inproceedings{ristenpart2009hey,
  title={Hey, you, get off of my cloud: exploring information leakage in third-party compute clouds},
  author={Ristenpart, Thomas and Tromer, Eran and Shacham, Hovav and Savage, Stefan},
  booktitle={Proceedings of the 16th ACM conference on Computer and communications security},
  pages={199--212},
  year={2009},
  organization={ACM}
}