@article{natarajansecurity,
  title={Security Issues in Network Virtualization for the Future Internet},
  author={Natarajan, Sriram and Wolf, Tilman}
}
