@inproceedings{cabuk2007towards,
  title={Towards automated provisioning of secure virtualized networks},
  author={Cabuk, Serdar and Dalton, Chris I and Ramasamy, HariGovind and Schunter, Matthias},
  booktitle={Proceedings of the 14th ACM conference on Computer and communications security},
  pages={235--245},
  year={2007},
  organization={ACM}
}
