@ARTICLE{Rivest78,
    author = {R.L. Rivest and A. Shamir and L. Adleman},
    title = {A Method for Obtaining Digital Signatures and Public-Key Cryptosystems},
    journal = {Communications of the ACM},
    year = {1978},
    volume = {21},
    pages = {120--126}
}