@article{gong2016virtual,
  title={Virtual Network Embedding through Security Risk Awareness and Optimization.},
  author={Gong, Shuiqing and Chen, Jing and Huang, Conghui and Zhu, Qingchao and Zhao, Siyi},
  journal={KSII Transactions on Internet \& Information Systems},
  volume={10},
  number={7},
  year={2016}
}
