@inproceedings{oberheide2008empirical,
  title={Empirical exploitation of live virtual machine migration},
  author={Oberheide, Jon and Cooke, Evan and Jahanian, Farnam},
  booktitle={Proc. of BlackHat DC convention},
  year={2008},
  organization={Citeseer}
}
