@inproceedings{dahbur2011survey,
  title={A survey of risks, threats and vulnerabilities in cloud computing},
  author={Dahbur, Kamal and Mohammad, Bassil and Tarakji, Ahmad Bisher},
  booktitle={Proceedings of the 2011 International conference on intelligent semantic Web-services and applications},
  pages={12},
  year={2011},
  organization={ACM}
}
