@techreport{kent2005security,
  title={Security architecture for the internet protocol},
  author={Kent, Stephen and Seo, Karen},
  year={2005}
}
