@article{fischer2011position,
  title={Position paper: Secure virtual network embedding},
  author={Fischer, Andreas and De Meer, Hermann},
  journal={PIK-Praxis der Informationsverarbeitung und Kommunikation},
  volume={34},
  number={4},
  pages={190--193},
  year={2011}
}
